5040 6288
764 689 1089 820 (ΗΝ
1145 697 1320 836 W
1238 629 1872 838 WileTTzssssi.

321 995 354 1062 ’.
413 925 445 1074 ,Ι
549 1002 803 1112 eramque.
867 966 1968 1139 Cuienint2ppt1siinrum·hopfieriparest,
2000 1005 2148 1111 quam

272 1129 284 1185 ²
326 1277 329 1286 ,
416 1265 420 1270 ,
552 1174 737 1302 Vobis,
784 1173 995 1274 annuus!
1008 1118 1225 1308 quibus,
1258 1171 1452 1366 quod
1440 1209 1490 1278 m
1537 1111 1774 1312 praesenti
1821 1206 1984 1280 rerum
2026 1175 2148 1282 statu

550 1373 679 1498 sum,
717 1351 915 1495 debeo3
941 1371 1150 1508 quibus,
1174 1347 1231 1476 ut
1264 1358 1390 1476 uno
1394 1347 1574 1482 euncta
1610 1379 1787 1504 verbo,
1863 1373 2144 1482 sinceritatis

547 1572 736 1765 pleno,
808 1571 1143 1759 complectar,
1210 1606 1380 1734 omnes
1428 1579 1492 1719 in
1569 1603 1675 1725 me
1711 1565 1953 1732 collatos
1997 1577 2148 1683 hono·
2269 1611 2299 1710 j

546 1739 647 1884 ξε(
636 1646 892 1884 {usbedfl
860 1727 1019 1888 ..Vos
1042 1787 1164 1898 md,
1171 1745 1471 1884 munifici
1477 1748 1720 1884 baubat
1757 1769 1867 1886 bote
1897 1801 2042 1882 outo
2050 1775 2146 1882 hos

545 1997 697 2072 annos
742 1974 954 2078 vestram
1001 1975 1051 2072 in
1087 1974 1373 2136 urbem,
1339 1969 1637 2137 Zeelandiae
1651 1973 1986 2136 principem,
2029 2007 2147 2078 evo·
2196 1993 2202 2007 '

526 2168 817 2298 1castis,ut
856 2099 1233 2276 acheloum*
1199 2125 1471 2301 vestiarum
1533 2150 1856 2276 moderamini
1899 2167 2145 2334 adessem.

541 2357 652 2466 Vos
699 2396 864 2472 meam
911 2373 960 2471 in
1007 2372 1284 2476 erudiendis
1332 2401 1476 2530 atque
1521 2351 1885 2510 expoliendis
1872 2325 2140 2478 ruventutis

540 2563 706 2667 animis
742 2601 911 2670 curam
949 2572 1086 2674 Vobis
1121 2571 1251 2734 haud
1287 2579 1525 2758 ingratam
1549 2576 1687 2724 esse,¹
1723 2570 1885 2674 verbis
1912 2602 1968 2666 ac
1990 2571 2137 2668 rebus
2168 2566 2206 2584 ⁹
2254 2615 2265 2633 ·

537 2791 639 2858 non
685 2728 837 2856 ¹semol
864 2715 1230 2850 deblaravist'is.
1231 2705 1434 2868 Vos',
1471 2732 1590 2908 quo*
1606 2756 1702 2843 me
1723 2746 1885 2846 artiori
1919 2719 2137 2882 quodam

474 3043 478 3063 ,
536 2949 737 3054 vinculo
776 2944 934 3054 Vobis
969 2897 1275 3079 Scholisque
1282 2899 1454 3046 vestris
1482 2903 1886 3068 devinciretis,
1873 2977 1921 3043 rn
1957 2945 2137 3056 Illustri

536 3170 705 3254 vestro
738 3143 913 3322 Lyceo
946 3144 1299 3314 professronem
1319 3139 1670 3306 Eloquentiae
1659 3163 1710 3241 et
1727 3144 1962 3308 Linguae
1984 3146 2136 3251 Grae
2247 3158 2250 3166 ’

421 3305 427 3320 ⁸
538 3382 627 3449 cae
676 3318 903 3487 spodte
856 3269 1018 3444 {mihi
1057 3352 1109 3444 e't
1143 3331 1281 3446 ultro
1325 3342 1611 3446 obtulistis
1650 3320 1757 3468 Et,
1800 3343 1882 3474 qui
1909 3349 2144 3448 cumulus

377 3581 383 3590 ·
538 3546 753 3653 Vestrae
778 3544 979 3650 bonitati
1003 3543 1228 3669 accessu,
1262 3543 1371 3652 Vos
1394 3574 1563 3648 meum
1591 3546 1637 3643 in
1674 3527 2026 3678 perscrutandis
2053 3547 2140 3650 Pa·

538 3747 659 3848 triae
680 3773 873 3851 nostrae
923 3705 1250 3844 monumentis
1312 3714 1540 3845 ardorem
1603 3741 1818 3868 lovere,
1867 3741 2134 3876 stimulare,

537 3973 841 4081 promovere
882 3937 1013 4037 haud
1058 3938 1310 4078 dedignati
1352 3943 1479 4046 estis.
1545 3942 1681 4045 Nota
1714 3943 1942 4077 prolecto
1977 3968 2137 4048 vestra

540 4139 591 4242 in
637 4124 959 4278 elegant-ium·
997 4133 1247 4236 literarum
1294 4133 1679 4272 studia'infignia
1712 4135 1816 4232 sunt
1850 4096 2048 4264 merita}
2081 4159 2135 4244 et

540 4339 731 4477 prolixa
767 4327 985 4442 'iuuandi
1031 4329 1387 4442 benevolentia.
1489 4332 1648 4436 Nota.
1676 4329 1935 4466 imprimis·
1970 4311 2190 4434 vestra
2294 4333 2297 4336 ’

517 4537 607 4642 ·in-
637 4540 822 4677 patriae
846 4538 1111 4644 ⁴Historiae
1157 4558 1376 4647 amantes
1421 4551 1498 4642 est
1531 4560 1659 4642 eura
1727 4529 1881 4650 Hanc,
1902 4551 2131 4676 expertus

542 4781 589 4830 ·r
663 4781 665 4786 ’
1266 4814 1273 4828 .
1869 4825 1872 4828 .
2057 4761 2134 4830 aa·
