5040 6288
1256 731 1468 841 {161¹

441 975 443 982 '
559 957 849 1079 6666666645)
877 987 975 1052 oum
994 956 1146 1078 pratis,
1173 957 1303 1067 salvis,
1330 953 1709 1066 etaiisomnibus,
1736 977 1846 1072 qnae
1859 953 1965 1048 inter
1986 953 2165 1052 Suirher⁴¹

475 1139 498 1150 Δ·
559 1077 796 1193 destagno*
813 1095 856 1166 et
877 1073 1099 1192 Fortrapo
1123 1093 1166 1162 et
1186 1069 1389 1176 Kinoem,
1413 1098 1525 1164 nunc
1545 1072 1703 1274 posteri
1719 1072 1809 1162 eius
1935 1068 2052 1164 dent.
2139 1181 2162 1203 ..

566 1193 909 1301 'snoecnxvru
977 1188 1213 1280 Lodewicns
1245 1187 1322 1304 46)
1362 1185 1476 1276 Rex·
1494 1182 1784 1294 Acmn‘nniae'
1860 1183 1933 1306 ¹ius
1972 1181 2166 1275 lotham

415 1363 419 1372 ·
558 1301 623 1398 Pii
642 1307 731 1418 '47)
762 1303 932 1414 largitus
963 1318 1026 1389 est
1051 1297 1247 1418 'praefato
1287 1296 1470 1392 Comiti‘
1501 1298 1743 1390 Theoderico
1774 1294 1995 1406 Forestum
2038 1293 2167 1394 Wan

557 1420 613 1514 da
634 1420 646 1468 ¹
666 1443 766 1516 cum
787 1415 876 1506 aliis
896 1414 1042 1520 rebus,
1070 1415 1371 1506 mterveniente
1393 1413 1572 1506 Hammo
1598 1412 1764 1529 Regina
1786 1427 1822 1504 ·.
1864 1447 1869 1456 ·

1883 1544 2171 1616 DCCCLXXVI·

594 1761 610 1810 i
627 1762 764 1809 Suirbarlrt
776 1761 859 1822 Hagen
873 1763 920 1812 Sw.
934 1762 995 1812 Cod.
1006 1761 1076 1820 aurp.
1092 1761 1142 1812 Ma.
1149 1759 1186 1810 ttti
1197 1773 1222 1810 et
1236 1743 1369 1823 Fortispam
1385 1768 1410 1809 et
1423 1759 1541 1806 Kr'rrmurt.
1557 1759 1599 1809 Est
1609 1769 1690 1810 autem
1703 1757 1822 1806 Kinbaer’u.
1854 1757 1866 1802 1
1880 1755 1965 1805 mida
1975 1756 2024 1803 Sw.
2035 1751 2086 1801 Ma.
2098 1751 2170 1810 Burs.

560 1823 605 1882 qui
617 1821 766 1885 etforestcu.
799 1841 821 1872 a
838 1823 928 1874 Desunt
940 1828 999 1874 haec
1013 1823 1057 1872 tria
1076 1826 1103 1874 C.
1117 1827 1153 1874 M.
1173 1836 1198 1873 et
1211 1827 1273 1876 Cori.
1284 1827 1371 1885 Bursa
1386 1822 1504 1883 adscripta
1516 1833 1596 1874 maen
1607 1823 1632 1872 in
1646 1824 1675 1874 C.
1685 1822 1722 1872 M
1736 1833 1808 1874 mauu
1821 1817 1915 1882 Scriv„
1930 1819 1973 1870 scd
1983 1819 2032 1869 SW.
2050 1818 2169 1866 interven.

559 1885 709 1940 Herr'mu
719 1889 812 1952 regina.
828 1887 878 1938 Ma.
894 1891 941 1940 r'rrt.
954 1889 1099 1956 Herimanua
1111 1905 1159 1952 reg.
1413 1885 1419 1896 “
1857 1885 1861 1892 ’

562 2107 801 2199 orthographia
815 2135 920 2200 quum
942 2107 1137 2183 doctissimis
1153 2115 1339 2200 quibusque
1380 2113 1444 2186 666
1462 2115 1684 2202 vehomenter
1695 2113 1853 2202 prodidit.
1871 2085 1967 2208 Quot
1980 2104 2168 2186 autemno-

560 2191 750 2264 haesrtatum
767 2201 912 2284 videam,
933 2201 1090 2266 nonnihil
1107 2201 1211 2266 dicam
1228 2201 1264 2264 in
1281 2218 1341 2264 ax·
1382 2219 1443 2266 vos
1467 2201 1546 2266 hinc
1568 2199 1603 2265 in
1630 2195 1798 2265 historiam
1827 2199 2010 2282 genuinam
2037 2211 2167 2276 errores

424 2321 429 2330 ·
560 2289 672 2345 cvRsv
688 2279 732 2349 ll.
750 2289 796 2348 De
810 2291 912 2369 Etyma
927 2307 1025 2348 uotum
1040 2282 1217 2366 Theoderici,
1238 2285 1338 2368 Findi,
1381 2284 1577 2364 induxerit,
1605 2298 1676 2348 non
1696 2296 1749 2347 est
1769 2283 1861 2366 quod
1883 2282 2000 2348 dicam.
2043 2280 2167 2344 Feren-

560 2362 680 2444 Locro,
722 2369 846 2449 hodes,
867 2373 1020 2452 Nempe,
1042 2365 1221 2449 erfimilim.
1381 2367 1569 2434 dusautem
1584 2364 1689 2446 esset,
1714 2364 1774 2430 nih
1791 2378 1857 2432 tam
1879 2363 2009 2430 acerbis
2031 2377 2069 2427 ac
2085 2377 2171 2458 con·

602 2441 663 2524 44)
686 2447 777 2510 Primo
791 2449 906 2597 muira]
932 2445 1342 2532 Fuitnempehicrheode·
1382 2447 1562 2514 tumeliosrs
1585 2447 1756 2513 verbis-in
1786 2447 1915 2513 Patriae
1947 2441 2077 2514 nostrae
2105 2443 2172 2509 Hr-

560 2527 634 2590 ricus
651 2523 846 2596 Hoiiandiae
902 2547 1019 2615 omae,
1034 2545 1195 2616 quatenus
1211 2527 1265 2594 hic
1275 2529 1341 2594 loci
1384 2527 1502 2596 storiae
1512 2531 1707 2612 scriptorem
1722 2527 2020 2608 elegantissimum,
2036 2523 2170 2592 ethsuis

483 2674 489 2684 ,
560 2603 764 2680 hereditario
778 2609 852 2686 iure
869 2614 1046 2698 Regioque
1066 2609 1341 2677 nomineComer
1380 2610 1517 2693 naevis,
1536 2624 1575 2678 ut
1602 2607 1859 2676 omnes·sumus
1887 2609 2063 2690 hominen,
2085 2601 2168 2674 haud

558 2681 649 2773 fuit,
669 2707 707 2757 ac
724 2689 803 2762 fixas
821 2693 873 2760 srbi
888 2693 1001 2777 sedes,
1021 2709 1056 2762 et
1072 2693 1196 2761 Alodia
1211 2695 1340 2755 86166-
1380 2706 1569 2768 carentem,
1589 2705 1672 2753 oen.
1698 2703 1773 2752 van
1790 2705 1884 2754 aoon
1900 2689 2061 2778 invectus
2084 2685 2171 2754 iuis·

559 2780 686 2836 mnaria
711 2790 746 2843 ct
772 2767 950 2863 88848484,
972 2794 1046 2842 666
1061 2791 1144 2841 vcro
1167 2781 1197 2834 tn
1216 2771 1340 2832 161146-
1383 2767 1455 2849 stt,
1482 2784 1561 2832 eum
1585 2767 1711 2850 ubique
1752 2765 1998 2850 perstringens,
2031 2782 2095 2831 nec
2127 2784 2169 2834 eo

468 2899 472 2908 ,
558 2852 629 2932 aia,
658 2857 852 2936 acquisivit,
881 2870 1077 2937 quamquam
1101 2849 1216 2932 postea
1240 2849 1340 2915 latius
1382 2849 1483 2932 magis
1507 2845 1646 2913 meliora
1669 2849 1816 2931 docens,
1835 2847 1902 2916 'sed
1926 2863 2042 2917 contra
2062 2848 2171 2931 pluri·

559 2933 846 3080 fohernationem
862 2951 899 2998 ac
920 2933 1108 2998 dominium
1126 2931 1217 2997 ihum
1233 2946 1340 3074 usJue
1382 2947 1434 2996 ma
1452 2949 1471 2995 a
1486 2945 1620 2996 ooonro
1644 2929 1729 2996 bene
1750 2931 1840 2998 dicta
1868 2929 2028 3016 castigans
2049 2948 2088 2998 ac
2110 2932 2170 2997 dc·

559 3087 637 3162 ciam
652 3111 793 3178 nempe,
817 3096 959 3178 protulit
966 3109 978 3175 3
990 3093 1041 3162 866
1057 3094 1340 3164 resreferridebet
1381 3111 1478 3179 quam
1494 3113 1576 3163 vero
1591 3093 1689 3162 semel
1705 3113 1802 3182 quam
1820 3097 1998 3172 certisime
2017 3095 2169 3164 evictum

484 3225 486 3230 -
561 3179 604 3244 ad
628 3175 769 3262 sequens
792 3175 954 3248 seculum.
977 3179 1054 3248 vid.
1077 3177 1340 3263 Dissnrmrrtt-
1382 3178 1468 3262 erit,
1490 3179 1557 3246 hoc
1583 3179 1684 3262 horeste·
1706 3185 1826 3244 Wasdae
1848 3181 1974 3248 donum
1991 3179 2168 3264 agnoscere

506 3284 512 3300 ⁵
561 3281 610 3324 co-
620 3259 757 3344 nonen,
776 3277 859 3344 quae
878 3261 937 3329 No.
947 3261 998 3332 11.
1015 3260 1136 3327 Minus
1153 3272 1266 3325 tamen
1282 3279 1340 3326 ac·
1386 3260 2168 3343 donatoremLOTHAithMRegemProetiae,-

436 3365 441 3374 ·
562 3351 788 3427 curateprimus
805 3342 927 3410 dicitur
938 3341 1080 3426 Comes,
1103 3342 1342 3427 hquidemeius
1385 3342 1555 3426 datamque
1578 3342 1647 3408 esse
1669 3341 1822 3409 Chartam
1850 3362 1879 3408 a.
1895 3347 1970 3426 969.
1991 3359 2061 3408 666
2086 3359 2169 3409 vero

560 3439 660 3509 pater
675 3423 807 3510 Gernffru
823 3427 1034 3512 potioriiure
1049 3427 1113 3492 hoc
1128 3442 1254 3493 nomen
1269 3443 1342 3492 rne-
1385 3443 1404 3492 a
1423 3429 1564 3492 Lu'dovrto
1580 3433 1744 3492 Germanico
1761 3444 1791 3496 a.
1817 3425 1888 3493 868.
1910 3446 1950 3495 ac
1973 3425 2083 3492 multo
2104 3426 2171 3489 mi·

561 3521 675 3588 retum
697 3509 825 3593 dequo
846 3507 971 3575 Noster
986 3511 1024 3574 ad
1040 3527 1066 3574 a
1087 3510 1161 3594 884.
1384 3526 1449 3576 nus
1465 3511 1537 3592 849.
1559 3509 1637 3575 hinc
1660 3507 1837 3595 sequetur,
1864 3523 1906 3576 ut
1974 3511 2108 3598 uidquid
2127 3513 2169 3580 de

604 3591 665 3676 45)
687 3588 877 3678 niunden]
925 3589 1059 3658 Conseri
1080 3591 1183 3674 igitur
1206 3590 1261 3656 hic
1284 3591 1344 3657 de·
1383 3591 1449 3658 hoc
1470 3593 1615 3656 audoveo
1632 3591 1754 3676 ubique
1777 3595 1863 3680 apud
1886 3526 2081 3681 N’ofltates,
2102 3615 2172 3682 pu·

441 3731 446 3736 .
560 3671 618 3740 bet
643 3673 839 3754 nimian,
878 3673 1008 3740 ratione
1031 3675 1128 3741 huius
1148 3675 1231 3740 doni
1256 3676 1343 3742 inter
1384 3689 1436 3756 ta,
1459 3691 1502 3744 ar.
1524 3689 1656 3758 croco,
1683 3691 1735 3762 Jo.
1761 3694 1787 3744 a
1814 3695 1905 3746 narn.
1930 3695 2074 3760 nonan,
2104 3697 2171 3744 no-

439 4819 449 4931 :
567 4817 697 4906 frustra,
718 4833 757 4886 et
779 4819 866 4889 suam
886 4823 919 4888 in
946 4839 981 4890 re
1005 4823 1230 4919 Diplomatica
1251 4833 1347 4914 eyna-
1387 4842 1512 4907 nxtnr.
1779 4865 1780 4870 ¹
2022 4837 2171 4902 nonan.

561 3772 647 3838 666,
680 3757 740 3842 qui
766 3759 872 3838 vulgo
897 3757 1059 3824 dicuntur
1084 3759 1344 3838 Abia-cometes,
1385 3773 1491 3838 nant,
1515 3769 1552 3822 et
1575 3756 1674 3822 etiam
1689 3763 1778 3842 apud
1798 3757 1977 3834 Nostrum,
2002 3761 2172 3846 occurrit,
2216 3831 2219 3837 ,

561 3839 726 3924 Belgica,
762 3839 1005 3925 Kioostergnvm.
1041 3837 1120 3904 vid.
1141 3856 1217 3907 vaca
1246 3853 1340 3906 aoon
1389 3853 1519 3924 praeter
1535 3838 1708 3908 rhombum
1727 3839 1762 3908 srt
1782 3860 1818 3909 ac
1836 3843 1971 3909 veritati
1989 3857 2169 3928 repugnet.

563 3921 671 3986 Ahud.
689 3929 772 3990 erut.
784 3945 847 3986 van
861 3921 936 3986 noll.
954 3923 997 3991 11.
1013 3925 1082 4004 p.6
1104 3967 1113 3988 .
1388 3929 1508 3986 Hem
1531 3922 1632 4006 haec,
1651 3939 1737 4008 quae
1761 3925 1937 3992 donationi
1961 3925 2170 4014 intervenit,

605 4001 666 4084 46)
686 4015 892 4070 neccaxvrr.
918 3940 1103 4090 noceantne}
1137 4001 1267 4070 Referri
1290 4003 1348 4069 dc·
1388 4023 1457 4070 non
1484 4001 1549 4070 fuit
1571 4008 1711 4070 66666·
1734 4006 1849 4076 Germ.
1876 4009 2001 4094 Regis,
2029 4008 2083 4074 866
2108 4017 2171 4076 Lo-

564 4083 681 4149 btterat
710 4097 754 4146 ex
780 4080 898 4146 Charta
915 4085 965 4148 ad.
980 4103 1055 4150 ann.
1072 4101 1287 4156 ncccuxvnr.
1304 4103 1347 4152 ex
1388 4085 1478 4151 tario
1492 4088 1594 4170 Regis
1613 4088 1727 4158 Franc.
1746 4091 1884 4160 coniux.
1924 4093 2169 4158 1866666686

564 4166 576 4230 i
605 4163 725 4231 favero
742 4163 913 4229 readann.
930 4179 1176 4235 nccecoxvnrr.
1209 4169 1347 4250 Nempe
1387 4183 1459 4233 non
1477 4165 1685 4251 iuitprtms,
1704 4169 1757 4236 sed
1781 4175 1944 4242 secundus
1968 4185 2075 4252 comes..
2113 4181 2168 4236 Fo-

595 4250 703 4332 harta,
732 4247 823 4314 unde
848 4245 927 4312 haec
952 4245 1132 4312 hauserunt
1156 4248 1346 4332 Monachi,
1387 4250 1486 4333 roim
1501 4252 1606 4313 Wasda
1625 4265 1696 4315 non
1719 4251 1814 4318 satum
1838 4256 1873 4322 iu
1892 4260 2170 4321 6666666664-

563 4347 635 4398 non
659 4331 731 4400 data
753 4327 818 4398 fuit
845 4345 875 4398 a.
902 4325 974 4398 868.
997 4325 1050 4394 866
1067 4346 1094 4396 a.
1112 4331 1187 4410 969.
1204 4347 1222 4394 a
1250 4333 1344 4428 Rege
1386 4340 1442 4397 uici
1457 4331 1609 4417 ditione,
1629 4327 1681 4398 866
1698 4331 1733 4398 in
1749 4335 1886 4402 Francia
1902 4351 1992 4403 trans
2007 4339 2129 4402 Scaidin.

564 4413 763 4480 Francorum
797 4411 953 4489 Lashom
991 4411 1081 4496 quod
1112 4412 1207 4476 omni
1243 4413 1346 4478 dubro
1427 4417 1488 4500 47)
1507 4413 1594 4478 eitius
1609 4416 1741 4480 horino
1760 4413 1818 4501 Pri]
1860 4424 2001 4484 Lanato·
2023 4415 2171 4484 scriben-

567 4497 709 4560 eximam
730 4497 764 4562 in
779 4495 933 4579 Disserere.
951 4493 1078 4560 chroml.
1099 4493 1345 4579 6466466666
1386 4498 1485 4582 dum,
1510 4510 1551 4564 ut
1570 4512 1605 4565 et
1623 4499 1746 4581 meda,
1763 4516 1834 4568 non
1853 4503 1968 4565 Wiida.
2006 4501 2061 4566 Sic
2077 4501 2168 4568 enim
2202 4497 2215 4520 ‘

566 4573 631 4649 N..
650 4577 676 4642 Ι.
696 4577 897 4657 Nupetrime
912 4592 1020 4644 tamen
1041 4576 1102 4644 Vir
1118 4577 1166 4642 lll.
1179 4579 1218 4644 ad
1235 4593 1346 4643 srorrn
1388 4582 1532 4664 diploma
1556 4581 1677 4664 habet,¹
1698 4583 1789 4666 quod
1818 4596 1869 4650 est
1892 4583 1978 4667 apud
2004 4583 2170 4654 Miraeum

566 4655 649 4722 'M
672 4673 705 4738 p.
723 4659 1025 4739 aug-onomatis
1045 4658 1346 4808 probarcstuduitcl
1388 4666 1646 4748 coaptandam
1681 4667 1780 4730 ,166
1800 4665 2109 4754 WatdaWasraest,
2131 4681 2169 4733 ut
2308 4703 2311 4710 ·

566 4737 651 4803 hanc
669 4737 822 4808 Chartam
839 4741 1035 4808 datamesse
1059 4760 1148 4808 anno
1169 4745 1239 4830 849:
1280 4743 1321 4808 Se
1387 4745 1535 4813 Miraeus
1566 4747 1633 4814 eiii.
1699 4747 1822 4840 iploma
1856 4765 1909 4819 ert
1944 4749 2037 4822 Ann.
2067 4763 2168 4818 neec.

2090 4912 2170 4977 Pcr-

577 3031 602 3080 n
628 3010 831 3097 primaevam
865 3013 1111 3097 Hoilandiam,
1151 3013 1340 3078 26686146-
1382 3029 1536 3098 pravans.
1578 3013 1639 3078 866
1656 3013 1734 3080 haec
1752 3031 1844 3082 nunc
1866 3031 1939 3082 non
1955 3032 2031 3098 ago.
2071 3015 2170 3082 Post·
2296 3073 2302 3079 .
