5032 6290
1197 733 1445 848 Ι[88]

434 999 438 1008 ’
541 953 861 1166 fraepasarione·
893 985 910 1024 ⁶
939 959 1271 1058 necessariorum
1298 993 1323 1057 a
1368 959 1549 1058 domino
1576 955 1780 1059 Walterd
1808 961 1979 1062 Abbate
2009 971 2149 1085 provi·

558 1107 604 1183 a,
632 1080 806 1195 ut,‚qui
832 1078 1068 1194 praesentes
1090 1083 1285 1186 suemnt,
1315 1105 1539 1193 nunquam
1557 1077 1632 1166 tali
1656 1079 1916 1172 dedicationi
1944 1078 2111 1174 affuisse
2125 1103 2146 1158 .·

418 1235 422 1244 ·
540 1185 583 1276 se
613 1190 837 1306 hodieque
870 1213 1093 1285 testentur.
1132 1195 1307 1293 ‘Aurae
1346 1194 1473 1283 etiam
1511 1191 1738 1308 derepente
1766 1192 2060 1307 superveniens
2083 1197 2145 1314 io·

538 1300 678 1392 cunda
712 1305 913 1396 serenitas
942 1307 1127 1414 arrifitr,
1156 1331 1253 1396 cum
1277 1329 1354 1420 per
1380 1304 1455 1394 sex
1479 1304 1742 1396 ebdomadas
1767 1308 1836 1414 (ut
1860 1305 2031 1413 dicunt,
2068 1307 2143 1424 qrsr

536 1417 779 1530 praesentes
816 1417 1010 1532 suerunt)
1072 1419 1236 1508 luvialis
1262 1445 1364 1512 aura
1389 1417 1531 1511 fuerit.
1590 1413 1732 1508 Huius
1768 1422 1979 1528 euentus,
2007 1421 2144 1512 immo

536 1529 749 1637 miraculi,
776 1530 1018 1622 Harbertur
1038 1449 1279 1648 Episcopus
1306 1532 1351 1620 in
1380 1530 1599 1636 sermone,
1635 1557 1765 1645 quem
1794 1527 1966 1624 locutus
1994 1533 2148 1625 estad

534 1645 774 1760 populum,
816 1646 1075 1736 mentionem
1102 1639 1226 1753 fecit,
1262 1659 1306 1734 et
1332 1643 1531 1750 dicebat,
1565 1641 1607 1730 se
1642 1642 1787 1734 mirari
1815 1706 1829 1749 ,
1862 1645 1982 1762 quod
2008 1663 2147 1738 tantae

536 1773 582 1840 et
605 1773 676 1844 tot
704 1757 900 1870 reliquiae
919 1757 1206 1848 maximorum
1229 1755 1488 1852 Sanctorum
1514 1755 1852 1871 Apostolorum,
1881 1761 2148 1873 martpnrr'n,

535 1863 825 1980 consessorum
864 1889 907 1961 et
951 1871 1194 1986 virginum,
1255 1874 1569 1962 continerentur
1603 1869 1680 1958 'in
1717 1885 1922 1968 ‚extremo
1954 1871 2148 1986 margine

535 1977 700 2068 mundi.
768 1979 882 2074 Cum
914 2005 1056 2075 autem
1088 1980 1292 2100 reliquiae
1321 1985 1578 2076 Sanctorum
1599 1983 1982 2072 reconderentura
2009 1983 2148 2074 domi-

536 2088 837 2220 noEpiseopo
871 2094 1093 2206 altaribus,
1137 2096 1392 2189 Frederr'cus
1409 2094 1529 2231 pius,
1557 2091 2055 2208 religiosus'monachus,
2082 2096 2142 2186 in·

535 2206 780 2335 quarendia,
815 2207 1031 2312 videndis,-
1068 2210 1327 2316 tractandis,
1375 2205 1620 2302 drvidendis·
1652 2221 1697 2296 et
1733 2209 2010 2322 exportandis
2053 2208 2148 2298 reli·
2187 2279 2194 2286 .

527 2315 648 2434 quiis
676 2319 988 2421 studiosrssrmus
1023 2324 1217 2414 omniurn
1248 2323 1339 2417 suit.
1399 2322 1547 2436 Quem
1567 2317 1782 2412 Dominus
1804 2322 2004 2438 evestigio
2029 2346 2146 2416 com·

529 2425 655 2563 ,plera
681 2429 953 2530 dedicatione
980 2437 1185 2549 castigans
1219 2435 1459 2550 castigavit,
1507 2449 1658 2524 ettam
1686 2452 1701 2484 '
1729 2435 1771 2524 in
1798 2459 1874 2522 cor
1907 2461 1983 2526 ore
2016 2459 2147 2550 quam

530 2569 583 2630 m
613 2565 756 2636 mente
778 2547 865 2639 cito
892 2570 1123 2663 utrumque
1157 2548 1374 2637 sanaturus
1410 2544 1683 2670 flagellavit..
1719 2462 1990 2638 Ascenrfente
2031 2549 2145 2638 enim

530 2652 594 2780 ad
631 2658 851 2750 cerebrum
883 2659 1134 2766 infirmitatis
1166 2659 1351 2750 humore
1385 2687 1412 2750 a
1445 2654 1667 2770 semetipso
1695 2655 1922 2748 intantum
1962 2662 2148 2750 'aliena-

529 2785 708 2878 auset,
755 2791 802 2862 ut
833 2800 914 2864 nec
947 2773 1076 2862 verba
1132 2774 1223 2863 eius
1261 2799 1343 2860 nec
1415 2785 1528 2862 estus
1555 2769 1827 2859 convenirent
1853 2768 2144 2862 consuetudini

408 2881 411 2886 ’
528 2900 585 2971 et
623 2879 826 2996 personae
853 2881 992 2997 ipsius.
1051 2883 1154 2972 Post
1196 2883 1363 3000 aliquot
1386 2802 1505 2998 bles,
1543 2880 1803 2992 cumsrater
1832 2881 1901 2972 ille
1929 2877 2146 2992 infirmita·

530 2998 592 3106 [tis
623 2995 882 3088 inmensrtate
906 2991 1232 3102 debilitaretur,
1268 3015 1311 3086 et
1339 2995 1616 3114 congregatio
1650 3013 1744 3086 tota
1774 2992 1940 3087 orando
1971 3017 2013 3088 et
2044 2997 2144 3114 vigi·

533 3106 669 3208 lando
687 3105 811 3223 super
830 3133 884 3198 eo
903 3107 1131 3216 laboraret,
1158 3106 1337 3224 lignatus
1355 3133 1420 3200 est
1441 3135 1589 3215 cruce,
1614 3135 1745 3223 quam
1761 3107 1980 3214 {Elbertur
2007 3109 2147 3204 ‘Tre-

530 3217 724 3354 ffeaensrs
753 3219 1114 3364 Archiepiscopus
1138 3219 1426 3316 Ekmundenfi
1460 3221 1642 3365 eontulit
1661 3221 1884 3336 ccclesiae,
1923 3221 2042 3314 cuius
2067 3227 2147 3433 utig-

534 3607 540 3616 ·
573 3605 590 3638 u
605 3589 762 3653 Praeparaetso
778 3593 826 3642 επ.
842 3591 892 3643 Mu.
907 3593 1013 3644 Meam
1026 3597 1140 3662 v'sr'sqtr'r'.
1180 3595 1380 3650 eDeestvoxB.
1414 3599 1509 3662 pEete
1531 3597 1606 3661 serap.
1625 3595 1678 3660 sep.
1700 3599 1745 3648 sec.
1762 3596 1882 3658 sinaitas
1899 3597 2039 3661 sirasirim!
2062 3591 2146 3658 miste

541 3654 590 3703 διν.
607 3654 656 3704 Ma.
672 3658 729 3704 Vtri
739 3671 789 3704 eece
800 3657 921 3728 derepcnn'
933 3661 1007 3708 modo
1019 3661 1089 3719 Burg.
1106 3673 1130 3709 et
1141 3662 1286 3723 firtsviran'.
1308 3679 1340 3725 -q
1357 3665 1512 3710 Continentur
1527 3665 1574 3712 ὃν.
1588 3662 1639 3711 Ma.
1654 3673 1679 3710 et
1692 3663 1762 3720 Bum.
1782 3663 1845 3711 Mox
1860 3664 1887 3709 sn
1900 3665 1977 3712 astar.
1992 3672 2018 3711 et
2033 3663 2060 3708 ln
2075 3673 2146 3736 quae·

535 3718 629 3767 rendre.
653 3717 715 3766 Most
736 3719 773 3766 nis
792 3720 873 3766 deest:
895 3725 1004 3770 omnium.
1042 3739 1057 3768 r
1073 3726 1161 3786 Currit.
1178 3731 1289 3781 taum.
1301 3723 1428 3780 MtMox,
1441 3725 1585 3786 infimitate
1600 3727 1701 3773 bum
1716 3735 1772 3773 mm
1784 3726 1812 3772 B.
1828 3725 1874 3774 sed
1887 3726 1909 3771 S.
1922 3727 1945 3774 S·
1966 3755 1985 3784 „
1997 3723 2031 3770 lt!
2043 3724 2144 3782 quidm

539 3779 707 3828 membranae:
735 3779 779 3830 sed
790 3781 875 3832 melius
894 3795 919 3832 et
936 3784 973 3832 rei
988 3785 1175 3850 conveniendus
1191 3790 1283 3835 cerebri
1300 3787 1475 3848 infirmitatem.
1497 3787 1599 3847 Rapimr
1614 3785 1679 3836 euim
1699 3789 1787 3835 humor
1805 3787 1835 3834 ad
1847 3785 1973 3834 cerebmm
1987 3785 2145 3846 calesaepums

530 3841 606 3892 'unde
627 3843 759 3892 desirirmr:
788 3844 875 3892 humor
892 3845 948 3896 sane
970 3845 1078 3897 snflrrnus
1098 3861 1176 3910 neque
1196 3847 1277 3898 firmm
1293 3849 1343 3898 dici
1362 3847 1464 3902 debee”
1494 3845 1549 3899 sss
1565 3859 1648 3898 neure.
1663 3851 1713 3900 sss.
1733 3848 1784 3896 Ma.
1803 3859 1829 3896 et
1847 3849 1874 3897 B.
1893 3845 1935 3908 qul
1951 3859 2009 3896 mox
2028 3847 2097 3910 vira,
2120 3859 2146 3898 et

535 3905 589 3970 ipse
600 3917 646 3966 pro
661 3910 715 3956 isle.
763 3908 917 3958 edilbertus
931 3912 980 3960 ενι.
1003 3910 1054 3962 Ma.
1076 3911 1146 3962 Vidit
1173 3913 1222 3962 iam
1239 3911 1290 3963 me
1311 3924 1384 3974 maru.

539 4113 575 4163 re
601 4095 702 4164 huius
731 4098 816 4164 aevi.
859 4099 933 4164 Nec
955 4101 1075 4167 mirum
1092 4116 1163 4186 est,
1186 4101 1329 4180 hoc'an·
1359 4118 1464 4184 rapo.
1483 4093 1612 4168 absente
1634 4101 1771 4169 Comlte
1790 4100 1932 4166 Walterur
1953 4099 2061 4168 Abbas
2086 4097 2146 4163 abo'

541 4195 591 4245 no
607 4195 642 4245 et
662 4181 715 4245 dle
736 4193 864 4246 tantam
894 4183 1015 4263 Populi
1041 4183 1105 4248 lruc
1129 4185 1327 4252 confluxisse
1368 4183 1506 4250 solverat
1525 4183 1714 4250 structuram
1738 4183 1874 4264 templi,
1895 4185 1986 4266 quod
2002 4185 2065 4247 hoc
2085 4193 2145 4248 un·

533 4257 769 4350 'frequentiam
821 4264 986 4328 Attulerat
1006 4265 1164 4329 nimirum
1180 4265 1244 4330 hoc
1264 4283 1328 4330 an·
1369 4283 1415 4330 no
1432 4277 1467 4330 et
1490 4265 1544 4330 die
1570 4267 1671 4332 etiarn
1693 4265 1914 4328 dedicandum
1929 4277 1995 4328 erat
2011 4279 2030 4326 a
2047 4261 2150 4322 Dom.

538 4359 588 4408 no
615 4355 707 4410 eomes
734 4347 910 4411 assendentes
941 4359 984 4410 cx
1015 4345 1186 4410 Ierusalem
1220 4349 1325 4416 redux
1365 4347 1530 4430 Heremo,
1569 4347 1669 4434 idque
1703 4343 1873 4429 praesente
1910 4343 1982 4424 ipso
2010 4338 2145 4436 comite

539 4427 676 4491 Chartam
704 4433 796 4514 Papae
824 4435 999 4512 Innocentis,
1042 4442 1125 4511 quae
1148 4427 1324 4498 Monaste-
1359 4431 1523 4512 ,Theoderico
1538 4445 1615 4494 cunr
1633 4429 1732 4514 Sophia
1760 4421 2005 4505 Bentlremenli,
2027 4439 2148 4490 conru-

540 4507 625 4573 rium
647 4527 820 4580 exeuntum
838 4507 1051 4592 decernebat,
1074 4511 1164 4576 unde
1184 4527 1324 4593 magnus
1361 4529 1406 4594 ge
1423 4511 1489 4578 sua.
1531 4509 1652 4580 Narrat
1669 4510 1823 4578 eadema
1842 4521 1935 4573 asro.
1957 4511 2041 4571 Ans.
2060 4511 2142 4589 Egra.

537 4585 675 4672 honor,
711 4609 747 4660 ct
776 4597 897 4674 ingens
919 4594 1147 4662 lucrumlruic
1169 4592 1322 4676 abbatiae
1365 4595 1404 4662 C.
1426 4591 1566 4661 XXXV.
2052 4657 2056 4666 .

539 4669 773 4752 Egmundanae
803 4679 992 4758 accederet,
1028 4692 1194 4763 quamque
1221 4673 1323 4746 Char·
1361 4745 1369 4756 ,
1407 4683 1467 4756 39)
1488 4671 1641 4754 Exempla]
1683 4671 1726 4739 Et
1743 4685 1851 4740 tamen
1870 4669 1949 4736 haec
1971 4671 2148 4755 exempla,

540 4751 752 4833 tampublice
769 4756 1125 4825 confirmaturusnunc
1143 4759 1227 4826 esset
1245 4759 1324 4824 nnus
1365 4767 1454 4825 certe
1485 4756 1704 4822 narrationem
1740 4755 1781 4821 de
1815 4754 1973 4817 Theoderico
2015 4753 2150 4835 Episco·
2210 4767 2213 4772 “

536 4825 726 4906 lietbertus
762 4835 949 4920 Episcopus
972 4837 1061 4904 Trai.
1096 4843 1264 4908 Praeterea
1284 4861 1316 4914 a.
1358 4855 1442 4930 pum
1457 4836 1707 4907 'rnradenreet
1719 4853 1798 4926 prae
1814 4838 1936 4907 timore
1953 4851 2152 4978 excomuffi:
