5040 6288
1237 803 1523 960 rmvr

426 1015 428 1019 ⁸
485 1121 488 1126 .
582 1038 713 1156 dique
775 1034 974 1144 collecta,
1010 1032 1192 1152 plurima
1223 1029 1289 1121 vel
1318 1028 1475 1122 inedita
1509 1043 1553 1120 et
1575 1029 1739 1145 penitus
1757 1027 1996 1146 incognita,
2024 1029 2093 1121 vel
2121 1059 2178 1122 ex

585 1175 874 1292 originalibus
912 1173 1147 1289 descripta,
1174 1168 1353 1261 adiectis
1373 1168 1604 1260 multorum
1638 1169 1791 1286 Sigillr'r
1829 1197 1880 1260 ae
1909 1165 2061 1260 veteris
2086 1168 2181 1259 scri·

581 1331 732 1430 pturae
760 1313 988 1429 specimine
1027 1311 1070 1400 in
1097 1339 1168 1402 aes
1194 1308 1342 1418 incisus,
1377 1329 1421 1400 et
1457 1307 1658 1423 adspersis
1682 1307 1968 1425 ubiquenotiu
1984 1327 2028 1400 et
2048 1307 2181 1424 surpli-

488 1477 490 1482 ·
582 1453 843 1560 sationibus,
870 1451 942 1546 ubi
970 1451 1188 1542 necesitas
1217 1432 1419 1567 postulat.
1488 1449 1705 1540 Nimirum
1742 1465 1965 1565 postquam
1993 1451 2183 1563 armi

581 1589 764 1706 Operis,
786 1592 905 1707 quod
926 1589 1168 1702 tentabam,
1199 1591 1461 1708 Conspectum
1481 1588 1651 1704 publice
1672 1587 1842 1704 prodire
1859 1587 1972 1696 iussi,
1998 1605 2183 1692 tantam,

580 1727 789 1844 imprimis
812 1731 1401 1845 in'exteristerris,expertus
1415 1727 1508 1820 sum
1526 1731 1716 1821 virorum
1744 1727 1976 1823 honoribus
2004 1727 2183 1819 muneri·

585 1865 751 1983 busque
782 1869 899 1963 iuxta
917 1899 968 1962 ac
1005 1870 1206 1964 natalibus
1224 1869 1518 1987 perinsiguium
1543 1865 1868 1988 humanitatem,
1894 1887 1944 1957 ut
1967 1871 2192 1979 ingentem¹

584 2003 687 2097 hinc
706 2006 906 2125 colligere
925 2009 1181 2102 chartarum
1203 2035 1397 2102 Musarsro
1422 1992 1758 2124 nostratibusque
1777 2007 1942 2122 penitus
1956 2001 2183 2115 incognita·

587 2169 684 2236 rum
703 2147 943 2242 thesaurum
959 2149 1063 2239 mihi
1084 2149 1328 2264 contigerit,
1343 2149 1461 2240 cuius
1483 2149 1686 2264 particula
1706 2145 1763 2237 ad
1790 2171 1879 2234 rem
1895 2144 2181 2235 facturanuno

586 2283 759 2423 prodit
748 2313 789 2378 rn
809 2287 964 2384 lucem.
1006 2287 1179 2379 Horum
1202 2289 1525 2396 Maecenatum,
1536 2317 1632 2378 cum
1647 2285 1754 2403 grati
1770 2284 1896 2374 animi
1884 2281 2181 2374 testificatio·

586 2447 682 2528 ne,
726 2425 785 2515 ad
823 2425 999 2542 singulas
1041 2425 1274 2522 honorifica
1325 2425 1399 2518 fiet
1436 2430 1609 2522 mentio.
1700 2425 1832 2518 Nunc
1878 2420 2182 2512 tantummodo

587 2555 782 2655 Archiva
820 2565 1025 2702 locaque,
1055 2567 1173 2658 unde
1207 2567 1436 2686 plurimum
1467 2566 1682 2661 derivavi,
1710 2562 1895 2648 exerrare
1909 2561 2045 2649 lrceat
2073 2561 2184 2653 Sunt

584 2695 728 2792 autem
763 2703 806 2794 in
837 2725 1113 2799 norbanum
1144 2703 1296 2809 Hagae
1326 2692 1589 2794 Comitum,
1625 2717 1683 2778 ex
1710 2687 1908 2778 Archivis
1940 2693 2183 2806 Rijnoburg.

583 2827 656 2928 In
670 2863 940 2928 zruunurns
978 2833 1276 2942 Medioburgi,
1330 2825 1387 2917 e'x
1427 2827 1628 2918 Archivis
1664 2855 1762 2918 cum
1798 2825 1945 2935 Vrbis,
1980 2845 2072 2918 turn
2102 2827 2184 2920 Co·

582 2999 724 3062 meror
749 2971 972 3061 Rationum
995 2969 1282 3059 Prouincialis.
1339 2965 1389 3056 In
1420 2991 1693 3062 sannarum
1720 2966 1932 3066 Bruxellis
1964 2995 2020 3058 ex
2042 2967 2183 3060 Come·

585 3137 641 3196 ra
669 3105 890 3198 Rationum
928 3129 973 3198 et
1023 3105 1223 3224 Regionis
1261 3103 1389 3197 srao.
1469 3104 1726 3199 Mechliniae
1745 3136 1802 3200 ex
1820 3108 2023 3227 Supremo
2051 3107 2183 3202 Corio

585 3263 634 3334 et
672 3275 697 3337 e
724 3245 892 3338 Palatio
919 3244 1028 3340 Rev.
1051 3245 1367 3362 Arciiepiscopi.
1423 3243 1473 3336 ln
1505 3271 1734 3340 unnrvrrco
1765 3279 1825 3340 ex
1858 3249 2054 3366 Supremo
2081 3245 2184 3340 Con·

576 3382 681 3498 filio.
754 3383 802 3474 ln
833 3409 1036 3478 Francis
1062 3414 1118 3478 ex
1145 3385 1341 3476 Archioir
1378 3383 1537 3508 Regiis(
1564 3387 1858 3506 insulenstbos,
1910 3385 2024 3476 unde
2049 3385 2184 3476 maior

585 3517 867 3640 Originalium
906 3529 1192 3634 Chartarum,
1227 3517 1340 3639 ¹quas
1379 3525 1614 3636 exhibebo,
1648 3530 1777 3646 copia
1804 3529 1953 3618 hausta
1988 3546 2065 3619 est.
2118 3523 2185 3619 Vt

586 3656 702 3752 none
734 3663 901 3758 mittam
931 3665 1141 3762 Abbatias
1167 3663 1211 3758 8.
1238 3663 1385 3772 Porri,
1411 3665 1453 3757 S.
1487 3667 1686 3776 Boooois,
1714 3667 2047 3779 Boudeloiosrm,
2072 3667 2187 3782 Affli-

580 3799 839 3918 gemensm,
871 3807 915 3902 8.
943 3798 1187 3913 Rsicboilio,
1221 3803 1349 3896 Eccle
1364 3832 1445 3903 rom
1472 3805 1797 3913 &Donatioom
1831 3829 1941 3920 quae
1971 3803 2190 3910 Gondooi,

588 3943 763 4059 Brogis,
791 3946 1073 4058 Anroerpiam
1101 3943 1289 4062 alibique
1313 3942 1422 4037 sunt.
1477 3941 1527 4036 In
1557 3943 1619 4037 his
1645 3965 1788 4065 autern
1815 3941 1986 4037 Cluso
2025 3945 2186 4038 multae

587 4075 681 4168 sunt
734 4075 974 4194 singulares.
1048 4081 1168 4168 Duas
1214 4105 1353 4172 tresve
1387 4079 1471 4168 hic
1495 4080 1750 4262 depromere
1794 4111 1850 4174 ne
1888 4084 2062 4197 pigeat.
2112 4087 2188 4178 Sic

587 4245 656 4309 ex.
686 4241 764 4336 gr.

642 4351 856 4476 Descripii
883 4384 942 4448 ex
981 4352 1246 4472 Originoli'
1232 4383 1276 4442 rn
1305 4331 1556 4449 AibarioS.
1584 4353 1788 4466 Booonir,
1820 4355 2064 4463 Chartam,
2099 4379 2186 4479 qua

587 4493 701 4586 Otto
729 4495 782 4589 Η.
812 4493 1123 4614 imperatord.
1157 4493 1223 4585 18.
1245 4489 1462 4590 lano
1375 4497 1472 4611 976,
1511 4493 1738 4588 confirmat
1762 4496 1973 4592 Abbatiae
2007 4498 2158 4594 bona
2140 4529 2188 4592 ro

539 4697 546 4708 1
592 4635 869 4742 Revelonolio,
919 4635 1033 4734 W
987 4667 1014 4723 a
1028 4637 1164 4745 acrio,
1220 4631 1413 4750 Bursao,
1451 4615 1639 4753 alibique
1664 4635 1765 4744 lita,
1797 4635 2078 4735 subscribente
2104 4665 2187 4736 m·

586 4793 741 4862 norro
783 4773 1020 4868 roeooeroo
1045 4773 1108 4870 ll.
1129 4773 1315 4869 contis
1330 4771 1540 4875 Hollard.
1564 4776 1676 4888 filio,
1700 4774 2043 4901 Archiepisuopo
2075 4782 2190 4876 'sm

583 4907 749 5006 mum
1458 4982 1463 4990 -
2091 4915 2188 5016 Da·
