5040 6288
1238 777 1522 896 [XXII]

584 1026 613 1127 3,
640 1014 738 1135 deni
762 1001 934 1108 'codiee
961 1009 1285 1106 membranaceo
1294 1038 1310 1116 3
1339 993 1567 1125 pertimet<
1583 1008 1779 1125 ingenio,
1803 1005 2121 1126 deprehendit,
2144 1025 2188 1100 et

459 1164 462 1170 ’
585 1216 615 1270 ,,
645 1156 875 1250 occafione
896 1152 1035 1270 prima
1061 1150 1238 1268 publico
1260 1170 1463 1242 testatum·
1482 1151 1629 1259 laniet,
1690 1151 1756 1238 vir
1792 1149 1987 1240 summus
2038 1147 2191 1238 Petrue

442 1301 449 1318 '
585 1295 888 1406 „seruerim
942 1289 1103 1403 Qui-'et
1119 1293 1460 1384 continuatorem
1485 1293 1624 1384 eiusce
1646 1288 1854 1382 Chronici
1877 1289 2081 1382 haetenus
2108 1289 2191 1376 me·

580 1496 612 1547 ,‚
640 1437 807 1542 ditum,
835 1433 1044 1550 longeque
1077 1431 1202 1525 fufius
1231 1453 1392 1524 cuncta‘
1408 1431 1733 1550 prosequentem
1771 1433 1950 1547 (quippe
1976 1431 2051 1546 qui
2078 1429 2189 1520 ultra

585 1573 848 1687 „Florentii
877 1574 938 1666 V.
968 1593 1166 1689 tempora
1194 1566 1475 1689 provehatur)
1502 1572 1702 1696 comitem
1732 1573 1770 1664 ei
1808 1571 1924 1664 dabit
1951 1597 2008 1663 ex
2037 1569 2189 1660 codice

580 1775 614 1826 „
645 1715 758 1828 paris
785 1715 1021 1807 vetustatis.
1077 1713 1133 1804 Ei
1166 1743 1324 1806 nomen
1354 1712 1588 1806 Guilielmo
1617 1713 1887 1804 procuratori
1906 1755 1963 1787 -
1978 1751 2035 1781 ···
2051 1709 2191 1821 Quod

590 1915 620 1966 „
647 1871 787 1946 autem
807 1841 869 1945 ad
901 1855 1149 1950 Chronicon
1179 1853 1519 1971 Egmondanum
1558 1856 1727 1962 attinet,
1768 1857 1869 1943 cius-
1887 1873 2102 1944 auctorem
2128 1875 2193 1938 es·

553 2028 560 2044 ·
587 2053 618 2104 ,‚
645 1993 687 2083 se
726 1995 995 2087 Monachum
1036 1995 1406 2110 Egmondanum‚
1447 2022 1535 2087 non
1572 2013 1659 2085 tam
1687 2021 1744 2118 ex
1772 1993 1951 2110 vulgatis
1976 1987 2118 2082 eliciti
2144 1989 2190 2076 li·

587 2196 617 2245 ,‚
646 2133 754 2243 bris,
781 2163 912 2252 quam
941 2136 1196 2229 membranis
1223 2133 1410 2226 eiusdem
1442 2135 1651 2228 Scriverii.
1702 2136 1817 2228 Nam
1847 2135 1986 2253 vulgo
2013 2135 2190 2252 quidem

586 2270 800 2389 „legitur
830 2277 885 2366 ad
921 2303 988 2371 an.
1036 2301 1283 2368 ctoccxxvt.
1348 2271 1459 2366 ⁴Hac
1499 2305 1554 2368 ex
1596 2285 1681 2366 eius
1727 2275 1922 2367 relatione
1958 2266 2126 2366 dictum
2143 2303 2194 2366 at

589 2413 853 2525 mortificatum
874 2417 966 2525 sit,
1009 2425 1079 2533 qui
1113 2411 1200 2509 eiut
1238 2424 1577 2533 peregrinationi
1595 2415 1810 2526 interfui&
1857 2439 1896 2506 et
1920 2421 2026 2507 idern
2051 2421 2194 2508 marm

583 2556 812 2668 periculum
849 2561 996 2648 timuit.
1074 2555 1227 2648 Postea
1267 2567 1458 2646 moritur.
1533 2555 1627 2648 Vbi
1668 2558 1709 2639 in
1751 2557 1951 2643 Scriverii
1981 2555 2080 2648 MS.
2104 2575 2195 2647 este

588 2698 746 2800 timuit,
773 2718 912 2808 postea
941 2695 1156 2784 monachus
1185 2683 1415 2794 nestero).
1442 2687 1683 2802 „Aetatem
1716 2711 1859 2774 autem
1895 2692 2007 2776 clare
2037 2719 2195 2804 cogno·
2226 2800 2231 2812 Ι

586 2889 615 2940 ,,
643 2825 731 2920 scae
748 2861 804 2921 ex
828 2833 968 2920 verbis
985 2834 1072 2918 istie
1088 2849 1286 2914 extremo
1305 2823 1527 2912 Chronico
1552 2817 1803 2934 putandam
1830 2849 1968 2920 mcor.
1982 2824 2090 2918 Ecce
2110 2832 2195 2920 ion·

582 2991 685 3082 gam
709 2979 927 3080 gestamm'
941 2967 1098 3079 seriem
1138 2965 1406 3080 qualicunque
1421 2963 1522 3077 styla
1550 2971 1823 3089 exaravimus.
1892 2967 1994 3056 Atta
2016 2991 2193 3088 praeter

589 3101 689 3195 mee
723 3101 763 3217 fi
783 3103 903 3218 sorte
927 3107 1260 3220 supervenient,
1306 3128 1411 3220 quae
1446 3105 1724 3218 adpraesens
1761 3111 1961 3222 negotium
1975 3109 2194 3226 spectant,

588 3247 762 3336 alterins
788 3251 1011 3335 executioni
1039 3251 1319 3336 committimus
1333 3247 1371 3334 ''.

647 3381 809 3492 Vides,
836 3383 939 3500 quid
966 3384 1009 3473 in
1030 3382 1207 3474 edendis
1228 3385 1426 3476 Chronica
1444 3403 1486 3478 et
1504 3381 1710 3475 Chronici
1736 3381 2048 3478 Continuatore
2079 3389 2194 3484 Wn

590 3521 722 3616 hulmo
735 3523 1018 3616 Procuratorr
1031 3523 1313 3617 molitusfitV.
1330 3526 1387 3616 l).
1409 3549 1941 3643 scntvuutvs,quttmquam
1956 3525 2193 3621 ressucceu·

590 3661 639 3754 su
664 3667 813 3756 caruit.
870 3665 1120 3780 Vtrumque
1150 3685 1298 3780 posteo
1325 3665 1369 3754 in
1393 3667 1581 3760 Analect.
1607 3667 1726 3762 meat
1753 3670 1864 3794 Aeni
1889 3667 2091 3784 praestitit
2112 3670 2193 3766 Vir

592 3801 689 3896 Cel.
726 3825 773 3897 A.
815 3823 1123 3905 montanum,
1161 3805 1232 3895 sed
1268 3806 1326 3896 ita
1361 3805 1589 3922 praestitit,
1626 3835 1715 3922 quo
1741 3812 1919 3898 nomine
1942 3811 2027 3900 itm
2056 3836 2195 3924 repre·

593 3939 747 4029 hensue
771 3963 837 4028 eet
864 3944 920 4032 ab
948 3943 1013 4038 lli.
1041 3965 1370 4037 uvtuucouuno
1395 3949 1479 4057 (k),
1508 3966 1557 4038 ut
1582 3947 1637 4040 ab
1665 3950 1750 4039 hoc
1770 3949 1868 4038 inde
1880 3969 2078 4066 tempore
2097 3951 2197 4046 obt·

597 4077 765 4184 curari,
794 4098 837 4168 et
865 4079 939 4170 nb
973 4081 1190 4173 thelmi
1219 4086 1399 4176 Procne.
1424 4085 1600 4172 nomine
1626 4085 1871 4178 delitescere
1892 4093 2098 4203 coeperit
2123 4121 2197 4180 nn·

596 4219 726 4310 terius
755 4217 843 4310 hoc
875 4239 923 4308 ot
937 4223 1150 4312 uetustius
1176 4221 1429 4314 Chronicon
1439 4281 1456 4333 ,
1482 4221 1626 4312 multis
1652 4225 1778 4314 etiam
1804 4248 2045 4320 wuttuumt
2069 4235 2194 4319 inter·

2117 4377 2198 4487 [Ρο-

459 4729 462 4736 ,
593 4655 599 4714 t
865 4655 978 4716 't.·.

594 4815 599 4826 ·
641 4827 682 4909 m
702 4827 784 4897 viu
804 4779 933 4897 curel}
952 4853 991 4901 a.
1010 4847 1043 4916 p.
1067 4849 1138 4914 13¹.
1208 4790 1212 4798 ’
1459 4836 1507 4921 <u
1533 4837 1611 4940 uu.
1639 4844 1723 4922 oper.
1747 4839 1847 4908 rom.
1876 4840 1918 4911 11.
1954 4860 1990 4930 p.
2016 4861 2091 4930 ως.
2121 4849 2197 4918 mc

635 4940 691 5022 (t)
713 4953 760 5005 nt.
780 4953 893 5004 suouu
913 4939 1011 5034 Totu.
1034 4941 1059 5012 l.
1080 4960 1117 5028 p.
1136 4943 1211 5028 462.
1417 4961 1497 5036 233.
1510 4951 1585 5017 260.
1603 4947 1970 5038 musquetum
1981 4953 2196 5068 *mii-⁶·
