5040 6288
1265 795 1514 912 [XX]

636 1061 678 1124 e.
697 999 844 1147 'Origo
870 1025 1069 1122 Statuum
1097 1021 1180 1117 ssve
1203 1019 1421 1118 Ordinum
1443 1015 1784 1120 Prouincialium.
1816 1019 1855 1117 r.
1885 977 2135 1132 Nobilium.
2151 1025 2194 1118 ai
2330 1143 2335 1152 Ι

581 1167 908 1426 Vrffiimm
938 1305 1162 1398 politicum
1198 1301 1442 1403 Comitatus
1467 1323 1512 1406 et
1539 1303 1687 1400 divifio
1709 1307 1755 1400 in
1779 1245 2020 1427 satrapias.
2098 1359 2105 1380 .

635 1479 681 1567 g.
710 1447 1036 1596 Administfttio
1059 1447 1242 1603 iustitiae
1267 1467 1311 1540 et
1337 1447 1498 1542 erectio
1518 1445 1762 1546 Guriarum.
1873 1509 1875 1514 -

1337 1729 1385 1824 X
1411 1729 1448 1826 1.
1495 1777 1499 1785 ·

641 2007 979 2129 Iurisprudeuria
1009 2013 1251 2107 Hailandica
1279 2037 1329 2104 ac
1353 2008 1632 2124 Zeelandica,
1657 2009 1732 2106 sub
1754 2005 2012 2120 Germanis,
2042 2007 2189 2100 Histol
2223 2095 2227 2104 ,

583 2148 671 2242 rice
705 2155 951 2270 proposita,
998 2156 1072 2250 ubi
1106 2155 1162 2248 de
1188 2153 1436 2256 introducto
1472 2155 1542 2248 vei
1570 2154 1771 2250 admisso·
1791 2155 1886 2245 iure
1934 2150 2204 2244 Iustinianeo'

581 2288 627 2382 in
661 2289 819 2388 Terras
841 2317 1023 2398 nostras.
1131 2424 1133 2433 Ι
1444 2309 1448 2320 “

1158 2547 1162 2557 ’
1309 2559 1478 2672 xrn
1576 2607 1579 2619 ·

515 2787 519 2793 ,
774 2747 785 2808 s
834 2747 837 2760 ·
992 2747 996 2762 ·
1537 2753 1542 2769 ·
1958 2785 1964 2794 .

464 2915 469 2922 -
636 2853 707 2948 De
731 2883 809 2957 eo,
837 2853 958 2964 quod
991 2847 1185 2938 Comites
1210 2843 1346 2932 nostri
1386 2836 1452 2928 vel
1482 2836 1655 2946 Alodii,
1689 2837 1759 2938 vel
1789 2837 1923 2932 Feudi
1955 2837 2192 2958 imperialis
2234 2869 2239 2878 “

545 3045 547 3050 ,
581 2989 707 3084 titulo
737 2984 1031 3101 possederunta
1062 2981 1230 3075 duabus
1254 2979 1441 3094 partibus
1449 3007 1464 3084 ;
1491 3005 1672 3093 quarum
1707 2981 1827 3098 prior
1846 2981 2058 3076 continete

638 3153 674 3218 r.
701 3123 860 3216 Alodia
885 3119 1136 3227 Comitum,
1165 3135 1373 3235 quantum
1392 3118 1580 3234 spectant
1607 3147 1704 3211 cum
1725 3121 1780 3212 ad
1800 3121 1911 3216 bona
1933 3123 2073 3232 avita„
2095 3139 2189 3224 tum

581 3265 638 3357 ad
667 3271 912 3382 comparata
940 3269 1018 3378 per
1045 3259 1225 3376 Regum·
1247 3259 1510 3375 aliorumque
1545 3259 1794 3354 donationes
1802 3299 1816 3373 3
1845 3289 1923 3378 per
1941 3289 2082 3364 arma;
2111 3288 2188 3374 per

583 3403 867 3518 hereditates,
896 3403 1226 3523 permutationes
1264 3419 1378 3526 cette
1397 3429 1455 3496 ex
1491 3401 1647 3492 chartis
1682 3401 1856 3519 aliisque
1897 3401 2186 3495 monumentis
2262 3521 2271 3530 ·

580 3543 803 3641 illustrata.
1069 3625 1075 3634 .
1771 3565 1784 3648 “,

477 3785 481 3790 ,
640 3711 682 3783 s.
709 3685 831 3798 Quid
855 3682 991 3779 Feudi
1022 3688 1112 3778 iure
1146 3688 1286 3779 veniat
1309 3687 1352 3776 in
1381 3681 1599 3781 Comitatu
1633 3683 1892 3782 Hollandiae
1928 3701 1974 3776 et
2005 3685 2188 3780 Zoeian³

579 3823 677 3917 diae
683 3859 698 3934 3
723 3827 798 3919 ubi
826 3827 1040 3919 disseritur
1066 3829 1123 3920 de
1146 3825 1437 3920 lurisdictione
1468 3823 1686 3926 Comitum
1698 3861 1712 3936 ;
1741 3829 1799 3920 de
1831 3825 2084 3941 Regaiibus3
2131 3825 2188 3916 de

584 3966 734 4055 crebra
762 3964 1003 4056 Comitatus
1031 3993 1256 4084 apertura,
1309 3971 1493 4086 indeque
1530 3987 1628 4060 orta
1664 3967 1934 4061 Hoel'tiorum
1963 3989 2007 4056 et
2034 3963 2187 4060 Cabel-

584 4099 797 4232 'raviotum
842 4101 1028 4190 tumultu
1042 4129 1058 4202 ;
1107 4109 1161 4190 de
1199 4108 1416 4223 Homagio
1444 4105 1631 4221 Imperio
1659 4101 1717 4196 R.
1744 4105 1904 4204 Germ.
1928 4101 2185 4220 praestando

583 4267 636 4333 ac
658 4237 879 4360 praestito,
907 4260 950 4331 et
967 4240 1011 4332 id
1028 4266 1159 4356 genus
1177 4240 1279 4333 aliis

1295 4441 1495 4618 xm

655 4805 726 4901 De
750 4806 950 4928 Origine,
972 4807 1240 4927 Diversstam
1268 4825 1312 4902 et
1332 4807 1499 4908 Natura
1519 4805 1766 4922 Feudorum
1786 4805 2080 4928 Belgicomm,
2103 4797 2181 4974 Ψ

2095 4973 2180 5066 prrq
2245 4999 2267 5018 ν
